@article{kawahara2012significance,
  title={The significance of simple invariant solutions in turbulent flows},
  author={Kawahara, Genta and Uhlmann, Markus and Van Veen, Lennaert},
  journal={Annual Review of Fluid Mechanics},
  volume={44},
  pages={203--225},
  year={2012},
  publisher={Annual Reviews}
}


@article{altmeyer2015role,
  title={The role of periodic orbits and bubbles of chaos during the transition to turbulence},
  author={Altmeyer, S and Willis, AP and Hof, B},
  journal={arXiv preprint arXiv:1501.01989},
  year={2015}
}


@article{budanur2015periodic,
  title={Periodic orbit analysis of a system with continuous symmetryâ€”A tutorial},
  author={Budanur, Nazmi Burak and Borrero-Echeverry, Daniel and Cvitanovi{\'c}, Predrag},
  journal={Chaos: An Interdisciplinary Journal of Nonlinear Science},
  volume={25},
  number={7},
  pages={073112},
  year={2015},
  publisher={AIP Publishing}
}


@article{kerswell2005recent,
  title={Recent progress in understanding the transition to turbulence in a pipe},
  author={Kerswell, RR},
  journal={Nonlinearity},
  volume={18},
  number={6},
  pages={R17},
  year={2005},
  publisher={IOP Publishing}
}


@article{duguet2010slug,
  title={Slug genesis in cylindrical pipe flow},
  author={Duguet, Yohann and Willis, AP and Kerswell, RR},
  journal={Journal of Fluid Mechanics},
  volume={663},
  pages={180--208},
  year={2010},
  publisher={Cambridge Univ Press}
}


@article{waleffe1997self,
  title={On a self-sustaining process in shear flows},
  author={Waleffe, Fabian},
  journal={Physics of Fluids},
  volume={9},
  number={4},
  pages={883--900},
  year={1997},
  publisher={AIP}
}


@article{hamilton1995regeneration,
  title={Regeneration mechanisms of near-wall turbulence structures},
  author={Hamilton, James M and Kim, John and Waleffe, Fabian},
  journal={Journal of Fluid Mechanics},
  volume={287},
  pages={317--348},
  year={1995},
  publisher={Cambridge Univ Press}
}


@article{waleffe1995hydrodynamic,
  title={Hydrodynamic Stability and Turbulence: Beyond Transients to a Self-Sustaining Process},
  author={Waleffe, Fabian},
  journal={Studies in Applied Mathematics},
  volume={95},
  number={3},
  pages={319--343},
  year={1995},
  publisher={Wiley Online Library}
}


@article{smith1983characteristics,
  title={The characteristics of low-speed streaks in the near-wall region of a turbulent boundary layer},
  author={Smith, CR and Metzler, SP},
  journal={Journal of Fluid Mechanics},
  volume={129},
  pages={27--54},
  year={1983},
  publisher={Cambridge Univ Press}
}


@article{schoppa2002coherent,
  title={Coherent structure generation in near-wall turbulence},
  author={Schoppa, W and Hussain, Fazle},
  journal={Journal of fluid Mechanics},
  volume={453},
  pages={57--108},
  year={2002},
  publisher={Cambridge Univ Press}
}


@article{klebanoff1962three,
  title={The three-dimensional nature of boundary-layer instability},
  author={Klebanoff, PS and Tidstrom, KD and Sargent, LM},
  journal={J. Fluid Mech},
  volume={12},
  number={1},
  pages={1--34},
  year={1962}
}

@article{kline1967structure,
  title={The structure of turbulent boundary layers},
  author={Kline, SJ and Reynolds, WC and Schraub, FA and Runstadler, PW},
  journal={Journal of Fluid Mechanics},
  volume={30},
  number={04},
  pages={741--773},
  year={1967},
  publisher={Cambridge Univ Press}
}


@article{jeong1997coherent,
  title={Coherent structures near the wall in a turbulent channel flow},
  author={Jeong, Jinhee and Hussain, Fazle and Schoppa, Wade and Kim, John},
  journal={Journal of Fluid Mechanics},
  volume={332},
  pages={185--214},
  year={1997},
  publisher={Cambridge Univ Press}
}


@article{kawahara2003linear,
  title={Linear instability of a corrugated vortex sheet--a model for streak instability},
  author={Kawahara, Genta and Jim{\'e}nez, Javier and Uhlmann, Markus and Pinelli, Alfredo},
  journal={Journal of fluid mechanics},
  volume={483},
  pages={315--342},
  year={2003},
  publisher={Cambridge Univ Press}
}

@article{kawahara2001periodic,
  title={Periodic motion embedded in plane Couette turbulence: regeneration cycle and burst},
  author={Kawahara, Genta and Kida, Shigeo},
  journal={Journal of Fluid Mechanics},
  volume={449},
  pages={291--300},
  year={2001},
  publisher={Cambridge Univ Press}
}

