@book{Moin1978,
  title={Large eddy simulation of incompressible turbulent channel flow: Rep. TF-12. Dept. Mech. Engin., Stanford Univ.},
  author={Moin, P. and Reynolds, W.C. and Ferziger, J.H.},
  year={1978},
  address      = {Stanford, California},
  note = {149 c.}
}

@book{Bab2002,
  title        = {Основы численного анализа},
  author       = {Бабенко, К. И.}, 
  publisher    = {НИЦ <<Регулярная и хаотическая динамика>>},
  year         = 2002,
  address      = {М.--Ижевск},
  note = {744 c.}
}

@book{Pask1984,
  title        = {Численное моделирование процессов тепло- и массообмена},
  author       = {Пасконов, В.М. and Полежаев, В.И. and Чудов, Л.А.}, 
  publisher    = {<<Наука>>},
  year         = 1984,
  address      = {М.},
  note = {285 c.}
}

@book{Pol1987,
  title        = {Математическое моделирование конвективного тепломассообмена на основе уравнений Навье--Стокса},
  author = {Полежаев,В.И. and Бунэ,А.В. and Верезуб,Н.А. and Глушко,Г.С. and Грязнов,В.Л. and Дубовик,К.Г. and Никитин,С.А. and Простомолотов,А.И.}, 
  publisher    = {Наука},
  year         = 1987,
  address      = {М.},
  note = {271 c.}
}

@book{Lad1970,
  author       = {Ладыженская, О. А.}, 
  title        = {Математические вопросы динамики вязкой несжимаемой жидкости},
  publisher    = {<<Наука>>},
  year         = 1970,
  address      = {М.},
  note = {288 c.}
}	

@book{Jud1984,
  author       = {Юдович В. И. }, 
  title        = {Метод линеаризации в гидродинамической теории устойчивости},
  publisher    = {Изд. Ростовского ун-та},
  year         = 1984,
  address      = {Ростов-на-Дону},
  note = {192 c.}
}

@book{Ger1972,
  title        = {Конвективная устойчивость несжимаемой жидкости},
  author       = {Гершуни, Г.З. and Жуховицкий, Е.М}, 
  publisher    = {<<Наука>>},
  year         = 1972,
  address      = {М.},
  note = {392 c.}
}

@book{Sch1973,
  author       = {Шкадов, В.Я.}, 
  title        = {Некоторые методы и задачи теории гидродинамической устойчивости. Науч. труды Ин-та механики МГУ, \No 25.},
  publisher    = {Изд. МГУ},
  year         = 1973,
  address      = {М.},
  note = {192 c.}
}

@book{Ach2009,
  title        = {Численное моделирование вязких вихревых течений для технических приложений: Монография},
  author       = {Ахметов, В.К. and Шкадов, В.Я. }, 
  publisher    = {Из-во АСВ},
  year         = 2009,
  address      = {М.},
  note = {176 c.}
}

@book{Kul2001,
  title        = { Математические вопросы численного решения гиперболических систем уравнений},
  author       = {Куликовский, А.Г. and Погорелов, Н.В. and Семенов А.Ю.}, 
  publisher    = {Физматлит},
  year         = 2001,
  address      = {М.},
  note = {608 c.}
}

@book{Gold1977,
  title        = {Гидродинамическая устойчивость и турбулентность},
  author       = {Гольдштик, М.А. and Штерн, В.Н.}, 
  publisher    = {<<Наука>>},
  year         = 1977,
  address      = {Новосибирск},
  note = {366 c.}
}

@book{Bel1994,
  title        = {Численное моделирование в механике сплошных сред: 2-е изд., перераб. и доп.},
  author       = {Белоцерковский, О.М.}, 
  publisher    = {Физматлит},
  year         = 1994,
  address      = {М.},
  note = {519 c.}
}

@book{EEbook,
  author       = {Тыртышников, Е.Е.}, 
  title        = {Методы численного анализа},
  publisher    = {<<Академия>>},
  year         = 2007,
  address      = {М.},
  note = {320 c.}
}

@book{Schlichting1974,
  author       = {Шлихтинг, Г.}, 
  title        = {Теория пограничного слоя},
  publisher    = {"Наука"},
  year         = 1974,
  address      = {М.},
  note = {711 c.}
}

@book{PIVbook,
  title={Particle image velocimetry},
  author={Adrian, R.J. and Westerweel, J.},
  number={30},
  year={2011},
  publisher={Cambridge University Press},
  note = {550 p.}
}

@book{Schmiegel1999,
  title={Transition to turbulence in linearly stable shear flows},
  author={Schmiegel, A.},
  year={1999},
  publisher={Philipps-Universit{\"a}t Marburg Fachbereich Physik},
  note = {180 p.}
}

@book{Kreilos2014,
  title={Turbulence Transition in Shear Flows and Dynamical Systems Theory},
  author={Kreilos, T.},
  year={2014},
  publisher={Philipps-Universit{\"a}t Marburg Fachbereich Physik},
  note = {194 p.}
}

@book{Katasonov2014,
  title={Возникновение и развитие локализованных возмущений в круглой трубе и пограничном слое},
  author={Катасонов, М.М. and Козлов, В.В and Никитин, Н.В. and Сбоев, Д.С.}, 
  publisher={Редакционно-издательский центр НГУ},
  year={2014},
  address={Новосибирск},
  note = {222 c.}
}

@book{Rog1987,
  title={Алгоритмы интегрирования уравнений Навье--Стокса, имеющие законы сохранения массы, импульса и энергии: Препринт \No 119},
  author={Рождественский, Б.Л. and Стойнов, М.И.},
  publisher={ИПМ им. М.В. Келдыша},
  year={1987},
  address={М.},
  note = {29 c.}
}
