@article{KMU2015,
  title={О механизме самоподдержания локализованных турбулентных структур в трубах},
  author={Пиманов, В.О.},
  journal={Труды конференции-конкурса молодых ученых 12-14 октября 2015 г. под редакцией академика РАН А.Г. Куликовского, профессора В.А. Самсонова},
  pages={44--51},
  year={2016},
  language = {russian},
  list = {list3}
}

@article{KMU2016,
  title={Некоторые детали механизма самоподдержания турбулентности в пристенных течениях},
  author={Пиманов, В.О.},
  journal={Труды конференции-конкурса молодых ученых 10-12 октября 2016 г. Корректура.},
  pages={46--53},
  language = {russian},
  list = {list3}
}
%  year={http://www.imec.msu.ru/content/education/conference/young_sci/2016/Sbornik2016.pdf},

@article{KMU17,
  title={О механизме образования продольных вихрей в турбулентных структурах в трубах},
  author={Пиманов, В.О.},
  journal={Труды конференции-конкурса молодых ученых 9–13 октября 2017 года},
  year={Принята к публикации},
  language = {russian},
  list = {list3}
}

@article{FD2015,
  title={Numerical study of localized turbulent structures in a pipe},
  author={Nikitin, N.V. and Pimanov, V.O.},
  journal={Fluid Dynamics},
  volume={50},
  number={5},
  pages={655--664},
  year={2015},
  publisher={Pleiades Publishing},
  language = {english},
  list = {list1}
}

@article{MZG2017,
  title={О поддержании колебаний в локализованных турбулентных структурах в трубах},
  author={Никитин, Н.В. and Пиманов, В.О.},
  journal={Изв. РАН. МЖГ},
  number={1},
  pages={68--76},
  year={2018},
  publisher={<<Наука>>},
  language = {russian},
  list = {list1} 
}

@article{MZG2015,
  title={Численное исследование локализованных турбулентных структур в трубах},
  author={Никитин, Н.В. and Пиманов, В.О.},
  journal={Изв. РАН. МЖГ},
  number={5},
  pages={64--75},
  year={2015},
  publisher={<<Наука>>},
  language = {russian}, 
  list = {list1}
}

@article{Kazan2015,
  title={Локализованные турбулентные структуры в круглой трубе},
  author={Никитин, Н.В. and Пиманов, В.О.},
  journal={Учен. зап. Казан. ун-та. Сер. Физ.-матем. науки},
  volume={157},
  number={3},
  year={2015},
  publisher={Казанский федеральный университет},
  language = {russian},
  list = {list2}
}

@article{Vest18,
  title={О поддержании колебаний в трехмерных бегущих волнах в плоском течении Пуазейля},
  author={Пиманов, В.О.},
  journal={Вестн. Моск. Ун-та. Сер. 1, Математика. Механика.},
  pages={47--53},
  year={2018},
  number={4},
  language = {russian},
  list = {list1}
}

@incollection{Almanac2017,
  title = {Суперкомпьютерное моделирование --- путь к пониманию турбулентности},
  author = {Никитин, Н.В. and Пиманов, В.О.},
  booktitle = {Суперкомпьютерные технологии в науке, образовании и промышленности},
  publisher = {Издательство Московского университета},
  year         = {2017},
  volume       = {7},
  pages = {163--170},
  address      = {М.},
  language = {russian},
  list = {list3}
}
