@conference{LomRead2014,
  author       = {Пиманов, В. О. and Никитин, Н. В.}, 
  title        = {Трехмерные локализованные периодические решения уравнений Навье-Стокса в круглой трубе},
  booktitle = {Ломоносовские чтения. Тезисы докладов научной конференции. Секция механики. 14--23 апреля 2014~г., Москва, МГУ имени М.\,В.\,Ломоносова},
  year         = {2014},
  pages        = {119--120},
  address      = {М.},
  publisher    = {Издательство Московского университета},
  language = {russian},
  keywords = {list3}
}

@conference{Bur2014,
  author       = {Никитин, Н. В. and Пиманов, В. О.}, 
  title        = {Локализованные в пространстве периодические по времени трехмерные решения уравнений Навье-Стокса в круглой трубе},
  pages        = {98--98},
  booktitle = {Современные проблемы аэрогидродинамики: Тезисы докладов XVII школы-семинара, посвященной памяти академика Г.Г.\,Черного и 55-летию со дня основания НИИ механики МГУ. 20 -- 30 августа 2014~г., Сочи, <<Буревестник>> МГУ.},
  address      = {М.},
  publisher    = {Издательство Московского университета},
  year         = {2014},
  language = {russian},
  keywords = {list3}
}

@conference{Lomonosov2014,
  author       = {Пиманов, В. О.}, 
  title        = {Исследование трехмерных пространственно локализованных периодических решений уравнений Навье-Стокса при переходных значениях числа Рейнольдса в круглой трубе},
  booktitle = {Материалы Международного молодежного научного форума <<ЛОМОНОСОВ-2014>> / Отв. ред. А.И. Андреев, А.В. Андриянов, Е.А. Антипов. [Электронный ресурс]},
  address      = {М.},
  publisher    = {МАКС Пресс},
  year         = {2014},
  note = {\newline URL: https://lomonosov-msu.ru/archive/Lomonosov\_2014/index.htm},
  language = {russian},
  keywords = {list3}
}

@conference{NeZaTeGiUs2014,
  author       = {Пиманов, В. О. and Никитин, Н. В.}, 
  title        = {Исследование трехмерных пространственно локализованных периодических решений уравнений Навье-Стокса при переходных значениях числа Рейнольдса в круглой трубе},
  pages        = {198--199},
  booktitle = {Материалы международной конференции <<Нелинейные задачи теории гидродинамической устойчивости и турбулентность>>. 25 февраля -- 4 марта 2014~г. Моск. обл., панс. «Звенигородский» РАН.},
  address      = {М.},
  publisher    = {Издательство Московского университета},
  year         = {2014},
  language = {russian},
  keywords = {list3}
}

@conference{Lomonosov2015,
  author       = {Пиманов, В. О.}, 
  title        = {Численное исследование локализованных турбулентных структур в трубах круглого сечения},
  booktitle = {Материалы Международного молодежного научного форума <<ЛОМОНОСОВ-2015>> / Отв. ред. А.И. Андреев, А.В. Андриянов, Е.А. Антипов. [Электронный ресурс]},
  address      = {М.},
  publisher    = {МАКС Пресс},
  year         = {2015},
  note = {\newline URL: https://lomonosov-msu.ru/archive/Lomonosov\_2015/index.htm},
  language = {russian},
  keywords = {list3}
}

@conference{Kazan2015conf,
  author       = {Никитин, Н. В. and Пиманов, В. О.}, 
  title        = {Локализованные турбулентные структуры в круглой трубе},
  pages        = {2783--2785},
  booktitle = {ХI Всероссийский съезд по фундаментальным проблемам теоретической и прикладной механики: сборник докладов (Казань, 20–24 августа
2015~г.). / Cост. Д.Ю. Ахметов, А.Н. Герасимов, Ш.М. Хайдаров, под ред. Д.А. Губайдуллина, А.М. Елизарова, Е.К. Липачёва},
  address      = {Казань},
  publisher    = {Изд-во Казан. ун-та},
  year         = {2015},
  language = {russian},
  keywords = {list3}
}

@conference{BIFD2015,
  author       = {Pimanov, V. and Nikitin, N.}, 
  title        = {Numerical investigation of turbulent puff approximation in pipe flow},
  pages        = {334--334},
  booktitle = {Sixth International Symposium on Bifurcations and Instabilities in Fluid Dynamics. ESPCI Paris. 15 -- 17 July 2015. Book of Abstracts},
  address      = {Paris},
  year         = {2014},
  language = {english},
  keywords = {list3}
}

@conference{Bur2016,
  author       = {Никитин, Н. В. and Пиманов, В. О.}, 
  title        = {Структура локализованных турбулентных порывов в круглых трубах},
  pages        = {89--89},
  booktitle = {Современные проблемы аэрогидродинамики: Тезисы докладов XVIII Всероссийской конференции, посвященной 60-летию Российского Национального комитета по теоретической и прикладной механике и 125-летию со дня рождения его первого председателя академика АН СССР Н.И.\,Мусхелишвили. 5 -- 15 сентября 2016~г., Сочи, <<Буревестник>> МГУ},
  address      = {М.},
  publisher    = {Издательство Московского университета},
  year         = {2016},
  language = {russian},
  keywords = {list3}
}

@conference{LomRead2016,
  author       = {Пиманов, В. О. and Никитин, Н. В.}, 
  title        = {Эволюция пристенных турбулентных структур в круглых трубах с увеличением числа Рейнольдса},
  pages        = {143--143},
  booktitle = {Ломоносовские чтения. Тезисы докладов научной конференции. Секция механики. 18 -- 27 апреля 2016~г., Москва, МГУ имени
М.В.\,Ломоносова},
  address      = {М.},
  publisher    = {Издательство Московского университета},
  year         = {2016},
  language = {russian},
  keywords = {list3}
}

@conference{Lomonosov2016,
  author       = {Пиманов, В. О.}, 
  title        = {О механизме самоподдержания локализованных турбулентных структур в круглых трубах},
  booktitle = {Материалы Международного молодежного научного форума <<ЛОМОНОСОВ-2016>> / Отв. ред. И.А.\,Алешковский, А.В.\,Андриянов, Е.А.\,Антипов. [Электронный ресурс]},
  address      = {М.},
  publisher    = {МАКС Пресс},
  year         = {2016},
  note = {\newline URL: https://lomonosov-msu.ru/archive/Lomonosov\_2016/index.htm},
  language = {russian},
  keywords = {list3}
}

@conference{NeZaTeGiUs2016,
  author       = {Пиманов, В. О. and Никитин, Н. В.}, 
  title        = {Исследование локализованных турбулентных структур в трубах при переходных числах Рейнольдса},
  booktitle = {Материалы XXII Международной конференции <<Нелинейные задачи теории гидродинамической устойчивости и турбулентность>>. 14 -- 21 февраля 2016~г. Московская область, г.~Звенигород, пансионат <<Звенигородский>> РАН / Отв. ред. Н.В.\,Никитин.},
  address      = {М.},
  publisher    = {Издательство Московского университета},
  year         = {2016},
  language = {russian},
  keywords = {list3}
}

@conference{Lomonosov2017,
  author       = {Пиманов, В. О.}, 
  title        = {О механизме формирования продольных вихрей в пристенных турбулентных течениях},
  booktitle = {Материалы Международного молодежного научного форума «ЛОМОНОСОВ-2017» / Отв. ред. И.А. Алешковский, А.В. Андриянов, Е.А. Антипов. [Электронный ресурс]},
  address      = {М.},
  publisher    = {МАКС Пресс},
  year         = {2017},
  note = {\newline URL: https://lomonosov-msu.ru/archive/Lomonosov\_2017/index.htm},
  language = {russian},
  keywords = {list3}
}

@conference{LomRead2017,
  author       = {Пиманов, В. О. and Никитин, Н. В.}, 
  title        = {О механизме формирования стационарных продольных вихрей в пристенных турбулентных структурах},
  pages        = {165--166},
  booktitle = {Ломоносовские чтения. Научная конференция. Секция механики. 17 -- 26 апреля 2017 года. Тезисы докладов},
  address      = {М.},
  publisher    = {Издательство Московского университета},
  year         = {2017},
  language = {russian},
  keywords = {list3}
}

@conference{Ob2018,
  author       = {Пиманов, В. О. and Никитин, Н. В.}, 
  title        = {О поддержании колебаний в пристенных турбулентных течениях},
  pages        = {31--31},
  booktitle = {Турбулентность, динамика атмосферы и климата. Международная конференция, посвященная столетию со дня рождения академика Александра Михайловича Обухова. Москва. 16 -- 18 мая 2018~г. Тезисы докладов},
  address      = {М.},
  publisher    = {Физматкнига},
  year         = {2018},
  language = {russian},
  keywords = {list3}
}

@conference{Lomonosov2018,
  author       = {Пиманов, В. О.}, 
  title        = {О механизме поддержания колебаний в пристенных турбулентных течениях},
  booktitle = {Материалы Международного молодежного научного форума «ЛОМОНОСОВ-2018» / Отв. ред. И.А. Алешковский, А.В. Андриянов, Е.А. Антипов. [Электронный ресурс]},
  address      = {М.},
  publisher    = {МАКС Пресс},
  year         = {2018},
  note = {\newline URL: https://lomonosov-msu.ru/archive/Lomonosov\_2018/index.htm},
  language = {russian},
  keywords = {list3}
}

@conference{NeZaTeGiUs2018,
  author       = {Пиманов, В. О. and Никитин, Н. В.}, 
  title        = {О поддержании колебаний в пристенных турбулентных течениях},
  booktitle = {Материалы XXIII Международной конференции <<Нелинейные задачи теории гидродинамической устойчивости и турбулентность>>. 25 февраля -- 04 марта 2018~г.  пансионат <<Звенигородский>> РАН, Московская область, г.~Звенигород / Отв. ред. Н.В. Никитин, Н.В. Попеленская},
  address      = {М.},
  publisher    = {МАКС Пресс},
  year         = {2018},
  note = {(Электронное издание комплексного распространения)},
  language = {russian},
  keywords = {list3}
}


