@article{Nikitin1996,
  title={Статистические характеристики пристенной турбулентности},
  author={Никитин, Н.В.},
  journal={Изв. РАН. МЖГ},
  pages={32--43},
  year={1996},
  number={3}
}

@article{Nikitin1995,
  title={Пространственный подход к численному моделированию турбулентности в трубах},
  author={Никитин, Н.В.},
  journal={ДАН},
  volume={343},
  number={6},
  pages={767--770},
  year={1995},
}

@article{Nikitin1994a,
  title={Спектрально-конечноразностный метод расчета турбулентных течений несжимаемой жидкости в трубах и каналах},
  author={Никитин, Н.В.},
  journal={ЖВМ и МФ},
  pages={909--925},
  year={1994},
  volume={34},
  number={6}
}

@article{Nikitin1994b,
  title={Прямое численное моделирование трехмерных турбулентных течений в трубах круглого сечения},
  author={Никитин, Н.В.},
  journal={Изв. РАН. МЖГ},
  pages={14--26},
  year={1994},
  number={6}
}

@article{Pri1991,
  title={Результаты и возможности прямого численного моделирования турбулентных течений вязкой жидкости в круглой трубе},
  author={Приймак, В.Г.},
  journal={ДАН СССР},
  pages={71--76},
  year={1991},
  volume={316},
  number={1}
}

@article{Pon1988,
  title={Статистически стационарные решения уравнений Навье--Стокса в кольцевом канале. Гидродинамические характеристики и пространственно-временная структура},
  author={Пономарев, С.Г. and Приймак, В.Г. and Рождественский, Б.Л.},
  journal={ЖВМ и МФ},
  pages={1354--1366},
  year={1988},
  volume={29},
  number={9}
}

@article{Pri1987,
  title={Вторичные течения вязкой несжимаемой жидкости в круглой трубе и их статистические свойства},
  author={Приймак, В.Г. and Рождественский, Б.Л.},
  journal={ДАН СССР},
  pages={1326--1330},
  year={1987},
  volume={297},
  number={6}
}

@article{Pri1992,
  title={Семейство псевдоспектральных алгоритмов интегрирования уравнений Навье--Стокса в цилиндрической системе координат},
  author={Приймак, В.Г.},
  journal={ЖВМ и МФ},
  pages={1291--1309},
  year={1992},
  volume={32},
  number={8}
}

@article{Rog1985,
  title={Моделирование турбулентных течений в плоском канале},
  author={Рождественский, Б.Л. and Симакин, И.Н.},
  journal={ЖВМ и МФ},
  pages={96--121},
  year={1985},
  volume={25},
  number={1}
}

@article{Rog1973,
  title={О применимости разностных методов решения уравнений Навье--Стокса при больших числах Рейнольдса},
  author={Рождественский, Б.Л.},
  journal={ДАН СССР},
  pages={308--311},
  year={1973},
  volume={211},
}

@article{Gerc1975,
  title={О взаимодействии волн конечной амплитуды в случае конвективной неустойчивости вращающегося плоского слоя},
  author={Герценштейн, С.Я. and Шмидт, В.М.},
  journal={Докл. АН СССР},
  pages={297--297},
  year={1975},
  volume={219},
  number={2}
}

@article{Gerc1973,
  title={Устойчивость неосесимметричных жидких струй},
  author={Герценштейн, С.Я. and Шкадов, В.Я.},
  journal={Изв. РАН. МЖГ},
  pages={43--52},
  year={1973},
  number={1}
}

@article{Petrov1940,
  title={Применение метода Галёркина к задаче об устойчивости течения вязкой жидкости},
  author={Петров, Г. И.},
  journal={ПММ},
  volume={4},
  number={3},
  pages={3--11},
  year={1940},
}


