@article{Vest18,
  title={Maintenance of Oscillations in Three-Dimensional Traveling Waves in Plane Poiseuille Flows},
  author={Pimanov V. O.},
  journal={Moscow University Mechanics Bulletin},
  pages={91--96},
  year={2018},
  volume ={73},
  number={4},
  language = {russian},
  keywords = {list1},
  note = {SJR 2016: 0.108}
}

%@article{Vest18,
%  title={О поддержании колебаний в трехмерных бегущих волнах в плоском течении Пуазейля},
%  author={Пиманов, В. О.},
%  journal={Вестн. Моск. Ун-та. Сер. 1, Математика. Механика.},
%  pages={47--53},
%  year={2018},
%  number={4},
%  language = {russian},
%  keywords = {list1},
%  note = {Перевод: Pimanov V. O. Maintenance of Oscillations in Three-Dimensional Traveling Waves in Plane Poiseuille Flows // Moscow University Mechanics Bulletin. --- 2018. --- Vol. 73, no. 4. --- Pp. 91--96. --- SJR 2016: 0.108}
%}

@article{MZG2017,
  title={О поддержании колебаний в локализованных турбулентных структурах в трубах},
  author={Никитин, Н. В. and Пиманов, В. О.},
  journal={Изв. РАН. МЖГ},
  year={2018},
  number={1},
  pages={68--76},
  publisher={<<Наука>>},
  language = {russian},
  keywords = {list1},
  note = {Перевод: Nikitin N. V., Pimanov V. O. Sustainment of Oscillations in Localized Turbulent Structures in Pipes // Fluid Dynamics. --- 2018. --- Vol. 53, Iss. 1. --- Pp. 65--73. --- Impact Factor 2017: 0.608}
}

@article{MZG2015,
  title={Численное исследование локализованных турбулентных структур в трубах},
  author={Никитин, Н. В. and Пиманов, В. О.},
  journal={Изв. РАН. МЖГ},
  year={2015},
  number={5},
  pages={64--75},
  publisher={<<Наука>>},
  language = {russian}, 
  keywords = {list1},
  note = {Перевод: Nikitin N. V., Pimanov V. O. Numerical study of localized turbulent structures in a pipe // Fluid Dynamics. --- 2015. --- Vol. 50, Iss. 5. ---  Pp. 655--664. --- Impact Factor 2017: 0.608}
}

@article{Kazan2015,
  title={Локализованные турбулентные структуры в круглой трубе},
  author={Никитин, Н. В. and Пиманов, В. О.},
  journal={Учен. зап. Казан. ун-та. Сер. Физ.-матем. науки},
  year={2015},
  volume={157, кн. 3},
  pages={111--116},
  publisher={Казанский федеральный университет},
  language = {russian},
  keywords = {list2},
  note = {Импакт-фактор РИНЦ 2017: 0,248}
}

@incollection{Almanac2017,
  title = {Суперкомпьютерное моделирование --- путь к пониманию турбулентности},
  author = {Никитин, Н. В. and Пиманов, В. О.},
  booktitle = {Суперкомпьютерные технологии в науке, образовании и промышленности},
  publisher = {Издательство Московского университета},
  year         = {2017},
  volume       = {7},
  pages = {163--170},
  address      = {М.},
  language = {russian},
  keywords = {list3}
}

@article{KMU17,
  title={О механизме образования продольных вихрей в турбулентных структурах в трубах},
  author={Пиманов, В. О.},
  journal={Труды конференции-конкурса молодых ученых 9–13 октября 2017 года},
  year={Принята к публикации},
  language = {russian},
  keywords = {list3}
}

@article{KMU2016,
  title={Некоторые детали механизма самоподдержания турбулентности в пристенных течениях},
  author={Пиманов, В. О.},
  journal={Труды конференции-конкурса молодых ученых 10-12 октября 2016 г. Корректура.},
  pages={46--53},
  language = {russian},
  keywords = {list3}
}

@article{KMU2015,
  title={О механизме самоподдержания локализованных турбулентных структур в трубах},
  author={Пиманов, В. О.},
  journal={Труды конф.-конкурса молодых ученых. 12--14 октября 2015 г. под ред. акад. РАН А.\,Г.\,Куликовского, проф. В.\,А.\,Самсонова},
  pages={44--51},
  year={2016},
  language = {russian},
  keywords = {list3}
}


