@conference{Lomonosov2018,
  author       = {Пиманов, В. О.}, 
  title        = {О механизме поддержания колебаний в пристенных турбулентных течениях},
  booktitle = {Материалы Международного молодежного научного форума <<Ломоносов-2018>>},
  editor       = {Алешковского, И. А. and Андриянова, А. В. and Антипова, Е. А.},
  address      = {М.},
  publisher    = {МАКС Пресс},
  year         = {2018},
  note = {Секция <<Математика и механика>>, Подсекция <<Газовая и волновая динамика>>. --- 
URL: https://lomonosov-msu.ru/archive/Lomonosov\_2018/index.htm},
  language = {russian},
  keywords = {list3}
}
%https://lomonosov-msu.ru/archive/Lomonosov_2018/data/section_20_13564.htm

@conference{Lomonosov2017,
  author       = {Пиманов, В. О.}, 
  title        = {О механизме формирования продольных вихрей в пристенных турбулентных течениях},
  booktitle = {Материалы Международного молодежного научного форума <<Ломоносов-2017>>},
  editor = {Алешковского, И. А. and Андриянова, А. В. and Антипова, Е. А.},
  address      = {М.},
  publisher    = {МАКС Пресс},
  year         = {2017},
  note = {Секция <<Математика и механика>>, Подсекция <<Гидромеханика>>. --- 
URL: https://lomonosov-msu.ru/archive/Lomonosov\_2017/index.htm},
  language = {russian},
  keywords = {list3}
}
%https://lomonosov-msu.ru/archive/Lomonosov_2017/data/section_19_10848.htm

@conference{Lomonosov2016,
  author       = {Пиманов, В. О.}, 
  title        = {О механизме самоподдержания локализованных турбулентных структур в круглых трубах},
  booktitle = {Материалы Международного молодежного научного форума <<Ломоносов-2016>>},
  editor = {Алешковского, И. А. and Андриянова, А. В. and Антипова, Е. А.},
  address      = {М.},
  publisher    = {МАКС Пресс},
  year         = {2016},
  note = {Секция <<Математика и механика>>, Подсекция <<Гидромеханика>>. --- 
URL: https://lomonosov-msu.ru/archive/Lomonosov\_2016/index.htm},
  language = {russian},
  keywords = {list3}
}
%https://lomonosov-msu.ru/archive/Lomonosov_2016/data/section_17_8437.htm


@conference{Lomonosov2015,
  author       = {Пиманов, В. О.}, 
  title        = {Численное исследование локализованных турбулентных структур в трубах круглого сечения},
  booktitle = {Материалы Международного молодежного научного форума <<Ломоносов-2015>>},
  editor = {Андреева, А. И. and Андриянова, А. В. and Антипова, Е. А.},
  address      = {М.},
  publisher    = {МАКС Пресс},
  year         = {2015},
  note = {Секция <<Математика и механика>>, Подсекция <<Гидромеханика>>. --- 
URL: https://lomonosov-msu.ru/archive/Lomonosov\_2015/index.htm},
  language = {russian},
  keywords = {list3}
}
%https://lomonosov-msu.ru/archive/Lomonosov_2015/data/section_16_6961.htm

@conference{Lomonosov2014,
  author       = {Пиманов, В. О.}, 
  title        = {Исследование трехмерных пространственно локализованных периодических решений уравнений Навье-Стокса при переходных значениях числа Рейнольдса в круглой трубе},
  booktitle = {Материалы Международного молодежного научного форума <<Ломоносов-2014>>},
  editor = {Андреева, А. И. and Андриянова, А. В. and Антипова, Е. А.},
  address      = {М.},
  publisher    = {МАКС Пресс},
  year         = {2014},
  note = {Секция <<Математика и механика>>, Подсекция <<Гидромеханика>>. --- 
URL: https://lomonosov-msu.ru/archive/Lomonosov\_2014/index.htm},
  language = {russian},
  keywords = {list3}
}
%https://lomonosov-msu.ru/archive/Lomonosov_2014/section_15_2593.htm

@conference{LomRead2017,
  author       = {Пиманов, В. О. and Никитин, Н. В.}, 
  title        = {О механизме формирования стационарных продольных вихрей в пристенных турбулентных структурах},
  pages        = {165--166},
  booktitle = {Ломоносовские чтения. Научная конференция. Секция механики. 17--26 апреля 2017 г. Тезисы докладов},
  address      = {М.},
  publisher    = {Изд-во Моск. ун-та},
  year         = {2017},
  language = {russian},
  keywords = {list3}
}
%http://www.imec.msu.ru/content/lom_reading/2017/lomonosov_2017_mech.pdf

@conference{LomRead2016,
  author       = {Пиманов, В. О. and Никитин, Н. В.}, 
  title        = {Эволюция пристенных турбулентных структур в круглых трубах с увеличением числа Рейнольдса},
  pages        = {143--143},
  booktitle = {Ломоносовские чтения. Тезисы докладов научной конференции. Секция механики. 18--27 апреля 2016~г., Москва, МГУ имени М.\,В.\,Ломоносова},
  address      = {М.},
  publisher    = {Изд-во Моск. ун-та},
  year         = {2016},
  language = {russian},
  keywords = {list3}
}
%http://www.imec.msu.ru/content/lom_reading/2016/lomonosov_2016_mech.pdf

@conference{LomRead2014,
  author       = {Пиманов, В. О. and Никитин, Н. В.}, 
  title        = {Трехмерные локализованные периодические решения уравнений Навье-Стокса в круглой трубе},
  pages        = {119--120},
  booktitle = {Ломоносовские чтения. Тезисы докладов научной конференции. Секция механики. 14--23 апреля 2014~г., Москва, МГУ имени М.\,В.\,Ломоносова},
  publisher    = {Изд-во Моск. ун-та},
  address      = {М.},
  year         = {2014},
  language = {russian},
  keywords = {list3}
}


@conference{NeZaTeGiUs2018,
  author       = {Никитин, Н. В. and Пиманов, В. О.}, 
  title        = {Новые данные о механизме пристенной турбулентности},
  pages        = {76--76},
  booktitle = {Тезисы докладов XXIII международной конференции <<Нелинейные задачи теории гидродинамической устойчивости и турбулентность>>.
25 февраля -- 04 марта 2018 г. Пансионат <<Звенигородский>> РАН, Моск. область, г. Звенигород},
  editor = {Никитина, Н. В.},
  address      = {М.},
  publisher    = {Изд-во Моск. ун-та},
  year         = {2018},
  language = {russian},
  keywords = {list3}
}
%http://hit-conf.imec.msu.ru/2018/downloads/Тезисы Незатегиус-2018.pdf

@conference{NeZaTeGiUs2016,
  author       = {Пиманов, В. О. and Никитин, Н. В.}, 
  title        = {Исследование локализованных турбулентных структур в трубах при переходных числах Рейнольдса},
  booktitle = {Материалы XXII Международной конференции <<Нелинейные задачи теории гидродинамической устойчивости и турбулентность>>. 14 -- 21 февраля 2016~г. Московская область, г.~Звенигород, пансионат <<Звенигородский>> РАН},
  editor = {Никитина, Н. В.},
  address      = {М.},
  publisher    = {Изд-во Моск. ун-та},
  year         = {2016},
  language = {russian},
  keywords = {list3},
  note = {Электронное издание. --- URL: http://hit-conf.imec.msu.ru/books/NeZaTeGiUs\_2016.pdf}
}
%http://hit-conf.imec.msu.ru/books/NeZaTeGiUs_2016.pdf

@conference{NeZaTeGiUs2014,
  author       = {Пиманов, В. О. and Никитин, Н. В.}, 
  title        = {Исследование трехмерных пространственно локализованных периодических решений уравнений Навье-Стокса при переходных значениях числа Рейнольдса в круглой трубе},
  pages        = {198--199},
  booktitle = {Материалы международной конференции <<Нелинейные задачи теории гидродинамической устойчивости и турбулентность>>. 25 февраля -- 4 марта 2014~г. Моск. обл., панс. «Звенигородский» РАН.},
  address      = {М.},
  publisher    = {Изд-во Моск. ун-та},
  year         = {2014},
  language = {russian},
  keywords = {list3}
}
%http://hit-conf.imec.msu.ru/books/NeZaTeGiUs_2014.pdf

@conference{Bur2016,
  author       = {Никитин, Н. В. and Пиманов, В. О.}, 
  title        = {Структура локализованных турбулентных порывов в круглых трубах},
  pages        = {89--89},
  booktitle = {Современные проблемы аэрогидродинамики: Тезисы докладов XVIII Всероссийской конференции, посвященной 60-летию Российского Национального комитета по теоретической и прикладной механике и 125-летию со дня рождения его первого председателя академика АН СССР Н.И.\,Мусхелишвили. 5--15 сентября 2016~г., Сочи, <<Буревестник>> МГУ},
  address      = {М.},
  publisher    = {Изд-во Моск. ун-та},
  year         = {2016},
  language = {russian},
  keywords = {list3}
}
%http://aerohydro.imec.msu.ru/2016/downloads/Tesisy_Burevestnik.pdf

@conference{Bur2014,
  author       = {Никитин, Н. В. and Пиманов, В. О.}, 
  title        = {Локализованные в пространстве периодические по времени трехмерные решения уравнений Навье-Стокса в круглой трубе},
  pages        = {98--98},
  booktitle = {Современные проблемы аэрогидродинамики: Тезисы докладов XVII школы-семинара, посвященной памяти академика Г.Г.\,Черного и 55-летию со дня основания НИИ механики МГУ. 20--30 августа 2014~г., Сочи, <<Буревестник>> МГУ},
  address      = {М.},
  publisher    = {Изд-во Моск. ун-та},
  year         = {2014},
  language = {russian},
  keywords = {list3}
}
%http://aerohydro.imec.msu.ru/2014/downloads/sbornik.pdf

@conference{Kazan2015conf,
  author       = {Никитин, Н. В. and Пиманов, В. О.}, 
  title        = {Локализованные турбулентные структуры в круглой трубе},
  pages        = {2783--2785},
  booktitle = {ХI Всероссийский съезд по фундаментальным проблемам теоретической и прикладной механики: сборник докладов (Казань, 20--24 августа
2015~г.)},
  editor = {Губайдуллина, Д. А. and Елизарова, А. М. and Липачёва, Е. К.},
  address      = {Казань},
  publisher    = {Изд-во Казан. ун-та},
  year         = {2015},
  language = {russian},
  keywords = {list3}
}

@conference{Ob2018,
  author       = {Пиманов, В. О. and Никитин, Н. В.}, 
  title        = {О поддержании колебаний в пристенных турбулентных течениях},
  pages        = {31--31},
  booktitle = {Турбулентность, динамика атмосферы и климата. Международная конференция, посвященная столетию со дня рождения академика А.М. Обухова. Москва. 16--18 мая 2018~г. Сборник тезисов докладов},
  address      = {М.},
  publisher    = {Физматкнига},
  year         = {2018},
  language = {russian},
  keywords = {list3}
}

@conference{ICMAR2016,
  author       = {Nikitin, N. V. and Pimanov, V. O.},
  title        = {On the mechanism of turbulent puff in pipe flow},
  pages        = {154--155},
  booktitle = {International conference on the methods of aerophysical research. Abstracts. Part II},
  address      = {Perm},
  year         = {2016},
  language = {russian},
  keywords = {list3}
}


